%YAML 1.1
%TAG !u! tag:unity3d.com,2011:
--- !u!1001 &100100000
Prefab:
  m_ObjectHideFlags: 1
  serializedVersion: 2
  m_Modification:
    m_TransformParent: {fileID: 0}
    m_Modifications: []
    m_RemovedComponents: []
  m_ParentPrefab: {fileID: 0}
  m_RootGameObject: {fileID: 1800910866318064}
  m_IsPrefabParent: 1
--- !u!1 &1800910866318064
GameObject:
  m_ObjectHideFlags: 0
  m_PrefabParentObject: {fileID: 0}
  m_PrefabInternal: {fileID: 100100000}
  serializedVersion: 5
  m_Component:
  - component: {fileID: 4862905629575690}
  - component: {fileID: 33724263392908222}
  - component: {fileID: 23304202286909520}
  - component: {fileID: 64071816399671896}
  - component: {fileID: 135460681323601900}
  - component: {fileID: 114578901480903792}
  m_Layer: 0
  m_Name: Planet 0
  m_TagString: Untagged
  m_Icon: {fileID: 0}
  m_NavMeshLayer: 0
  m_StaticEditorFlags: 0
  m_IsActive: 1
--- !u!4 &4862905629575690
Transform:
  m_ObjectHideFlags: 1
  m_PrefabParentObject: {fileID: 0}
  m_PrefabInternal: {fileID: 100100000}
  m_GameObject: {fileID: 1800910866318064}
  m_LocalRotation: {x: 0, y: -0, z: -0, w: 1}
  m_LocalPosition: {x: 0, y: 0, z: 0}
  m_LocalScale: {x: 24.30408, y: 24.304077, z: 24.304077}
  m_Children: []
  m_Father: {fileID: 0}
  m_RootOrder: 0
  m_LocalEulerAnglesHint: {x: 0, y: 0, z: 0}
--- !u!23 &23304202286909520
MeshRenderer:
  m_ObjectHideFlags: 1
  m_PrefabParentObject: {fileID: 0}
  m_PrefabInternal: {fileID: 100100000}
  m_GameObject: {fileID: 1800910866318064}
  m_Enabled: 1
  m_CastShadows: 0
  m_ReceiveShadows: 0
  m_DynamicOccludee: 1
  m_MotionVectors: 1
  m_LightProbeUsage: 1
  m_ReflectionProbeUsage: 1
  m_Materials:
  - {fileID: 2100000, guid: 8717241d0a88a5c409acdd7e710453c0, type: 2}
  m_StaticBatchInfo:
    firstSubMesh: 0
    subMeshCount: 0
  m_StaticBatchRoot: {fileID: 0}
  m_ProbeAnchor: {fileID: 0}
  m_LightProbeVolumeOverride: {fileID: 0}
  m_ScaleInLightmap: 1
  m_PreserveUVs: 0
  m_IgnoreNormalsForChartDetection: 0
  m_ImportantGI: 0
  m_StitchLightmapSeams: 0
  m_SelectedEditorRenderState: 3
  m_MinimumChartSize: 4
  m_AutoUVMaxDistance: 0.5
  m_AutoUVMaxAngle: 89
  m_LightmapParameters: {fileID: 0}
  m_SortingLayerID: 0
  m_SortingLayer: 0
  m_SortingOrder: 0
--- !u!33 &33724263392908222
MeshFilter:
  m_ObjectHideFlags: 1
  m_PrefabParentObject: {fileID: 0}
  m_PrefabInternal: {fileID: 100100000}
  m_GameObject: {fileID: 1800910866318064}
  m_Mesh: {fileID: 4300000, guid: 3e226356b12059142a678395b9d61af8, type: 3}
--- !u!64 &64071816399671896
MeshCollider:
  m_ObjectHideFlags: 1
  m_PrefabParentObject: {fileID: 0}
  m_PrefabInternal: {fileID: 100100000}
  m_GameObject: {fileID: 1800910866318064}
  m_Material: {fileID: 0}
  m_IsTrigger: 0
  m_Enabled: 1
  serializedVersion: 3
  m_Convex: 0
  m_CookingOptions: 14
  m_SkinWidth: 0.01
  m_Mesh: {fileID: 4300000, guid: 3e226356b12059142a678395b9d61af8, type: 3}
--- !u!114 &114578901480903792
MonoBehaviour:
  m_ObjectHideFlags: 1
  m_PrefabParentObject: {fileID: 0}
  m_PrefabInternal: {fileID: 100100000}
  m_GameObject: {fileID: 1800910866318064}
  m_Enabled: 1
  m_EditorHideFlags: 0
  m_Script: {fileID: 11500000, guid: 924bbabb8453c774dbccfec26129bda6, type: 3}
  m_Name: 
  m_EditorClassIdentifier: 
  props:
  - {fileID: 1448653865768548, guid: 613cc81f23e506e45ab004e8e069a495, type: 2}
  - {fileID: 1720154109506534, guid: 1fb9b6cedf49c384f9593be66564a765, type: 2}
  - {fileID: 1262352816697956, guid: 6fd98637e7242ae44b6b59e7404a74d1, type: 2}
  - {fileID: 1621452984344410, guid: 7f26badeb83425f418157993e6f013e1, type: 2}
  - {fileID: 1610890679312586, guid: 747991dd4e651034fa7a69f0a6f54507, type: 2}
  - {fileID: 1005732493197504, guid: 81f996ff5bad8b7478c6713dbfc0bc45, type: 2}
  - {fileID: 1207952980009778, guid: e58b536ab3e594f4cbc1385140310785, type: 2}
  - {fileID: 1703912756564706, guid: 9eaee69c06468bc458c04fb403919f78, type: 2}
  - {fileID: 1116583360862188, guid: d5d000c2ae4405d42be07ad39df9f1a0, type: 2}
  - {fileID: 1785003646565068, guid: 9f99b6e680f87e745a71a0d0cd9d6b4d, type: 2}
  - {fileID: 1302961179267268, guid: 34e6aebbc4f3bd94fb219d65c7364a80, type: 2}
  - {fileID: 1720154109506534, guid: 1fb9b6cedf49c384f9593be66564a765, type: 2}
  - {fileID: 1262352816697956, guid: 6fd98637e7242ae44b6b59e7404a74d1, type: 2}
  - {fileID: 1448653865768548, guid: 613cc81f23e506e45ab004e8e069a495, type: 2}
  - {fileID: 1720154109506534, guid: 1fb9b6cedf49c384f9593be66564a765, type: 2}
  - {fileID: 1262352816697956, guid: 6fd98637e7242ae44b6b59e7404a74d1, type: 2}
  - {fileID: 1448653865768548, guid: 613cc81f23e506e45ab004e8e069a495, type: 2}
  boxes:
  - {fileID: 1847406877867628, guid: 8001927164acf5e45aaeb35dcd277769, type: 2}
  radius: 12.7
  minProps: 5
  maxProps: 18
  minBoxes: 1
  maxBoxes: 2
  fieldHeight: 10
--- !u!135 &135460681323601900
SphereCollider:
  m_ObjectHideFlags: 1
  m_PrefabParentObject: {fileID: 0}
  m_PrefabInternal: {fileID: 100100000}
  m_GameObject: {fileID: 1800910866318064}
  m_Material: {fileID: 0}
  m_IsTrigger: 1
  m_Enabled: 1
  serializedVersion: 2
  m_Radius: 0.5035189
  m_Center: {x: -0.008502544, y: 0.0023731294, z: 0}
