%YAML 1.1
%TAG !u! tag:unity3d.com,2011:
--- !u!1001 &100100000
Prefab:
  m_ObjectHideFlags: 1
  serializedVersion: 2
  m_Modification:
    m_TransformParent: {fileID: 0}
    m_Modifications: []
    m_RemovedComponents: []
  m_ParentPrefab: {fileID: 0}
  m_RootGameObject: {fileID: 1149970152449366}
  m_IsPrefabParent: 1
--- !u!1 &1149970152449366
GameObject:
  m_ObjectHideFlags: 0
  m_PrefabParentObject: {fileID: 0}
  m_PrefabInternal: {fileID: 100100000}
  serializedVersion: 5
  m_Component:
  - component: {fileID: 4180780670946298}
  - component: {fileID: 33424205284004000}
  - component: {fileID: 23042395887899762}
  - component: {fileID: 64379853008608350}
  - component: {fileID: 135849537490098460}
  - component: {fileID: 114445793652363846}
  m_Layer: 0
  m_Name: Planet 1
  m_TagString: Untagged
  m_Icon: {fileID: 0}
  m_NavMeshLayer: 0
  m_StaticEditorFlags: 0
  m_IsActive: 1
--- !u!4 &4180780670946298
Transform:
  m_ObjectHideFlags: 1
  m_PrefabParentObject: {fileID: 0}
  m_PrefabInternal: {fileID: 100100000}
  m_GameObject: {fileID: 1149970152449366}
  m_LocalRotation: {x: -0, y: -0, z: -0, w: 1}
  m_LocalPosition: {x: 0, y: 0, z: 0}
  m_LocalScale: {x: 24.379747, y: 24.37975, z: 24.37975}
  m_Children: []
  m_Father: {fileID: 0}
  m_RootOrder: 0
  m_LocalEulerAnglesHint: {x: 0, y: 0, z: 0}
--- !u!23 &23042395887899762
MeshRenderer:
  m_ObjectHideFlags: 1
  m_PrefabParentObject: {fileID: 0}
  m_PrefabInternal: {fileID: 100100000}
  m_GameObject: {fileID: 1149970152449366}
  m_Enabled: 1
  m_CastShadows: 0
  m_ReceiveShadows: 0
  m_DynamicOccludee: 1
  m_MotionVectors: 1
  m_LightProbeUsage: 1
  m_ReflectionProbeUsage: 1
  m_Materials:
  - {fileID: 2100000, guid: 8717241d0a88a5c409acdd7e710453c0, type: 2}
  m_StaticBatchInfo:
    firstSubMesh: 0
    subMeshCount: 0
  m_StaticBatchRoot: {fileID: 0}
  m_ProbeAnchor: {fileID: 0}
  m_LightProbeVolumeOverride: {fileID: 0}
  m_ScaleInLightmap: 1
  m_PreserveUVs: 0
  m_IgnoreNormalsForChartDetection: 0
  m_ImportantGI: 0
  m_StitchLightmapSeams: 0
  m_SelectedEditorRenderState: 3
  m_MinimumChartSize: 4
  m_AutoUVMaxDistance: 0.5
  m_AutoUVMaxAngle: 89
  m_LightmapParameters: {fileID: 0}
  m_SortingLayerID: 0
  m_SortingLayer: 0
  m_SortingOrder: 0
--- !u!33 &33424205284004000
MeshFilter:
  m_ObjectHideFlags: 1
  m_PrefabParentObject: {fileID: 0}
  m_PrefabInternal: {fileID: 100100000}
  m_GameObject: {fileID: 1149970152449366}
  m_Mesh: {fileID: 4300000, guid: 4b22862fab476fe4bbf7583ccac0160a, type: 3}
--- !u!64 &64379853008608350
MeshCollider:
  m_ObjectHideFlags: 1
  m_PrefabParentObject: {fileID: 0}
  m_PrefabInternal: {fileID: 100100000}
  m_GameObject: {fileID: 1149970152449366}
  m_Material: {fileID: 0}
  m_IsTrigger: 0
  m_Enabled: 1
  serializedVersion: 3
  m_Convex: 0
  m_CookingOptions: 14
  m_SkinWidth: 0.01
  m_Mesh: {fileID: 4300000, guid: 4b22862fab476fe4bbf7583ccac0160a, type: 3}
--- !u!114 &114445793652363846
MonoBehaviour:
  m_ObjectHideFlags: 1
  m_PrefabParentObject: {fileID: 0}
  m_PrefabInternal: {fileID: 100100000}
  m_GameObject: {fileID: 1149970152449366}
  m_Enabled: 1
  m_EditorHideFlags: 0
  m_Script: {fileID: 11500000, guid: 924bbabb8453c774dbccfec26129bda6, type: 3}
  m_Name: 
  m_EditorClassIdentifier: 
  props:
  - {fileID: 1339910713794036, guid: 58ab261ad6a37f1459a7d028674d4005, type: 2}
  - {fileID: 1189192702477644, guid: 2eec2debfc4eba745a198c292bf532b6, type: 2}
  - {fileID: 1817665980939912, guid: 39c857762e9da844caeb604875a1ff32, type: 2}
  - {fileID: 1033267732178442, guid: 5a6df50e84b986f4dab9e6f0ec3cea64, type: 2}
  - {fileID: 1421340751719558, guid: 84120d478e2c5e94a9356bb776b60262, type: 2}
  - {fileID: 1270380940530154, guid: 609671cd5bfa9cc4584d97696c9a8f57, type: 2}
  - {fileID: 1079733255960910, guid: 9fbf6e369bdf38642aa3bc0e2aa0f01d, type: 2}
  - {fileID: 1831487362395962, guid: 0cc330933c0d2f44eb12b73386afe1a5, type: 2}
  - {fileID: 1929984664323844, guid: 4df36491b2110a245acf9bdaf383ff2a, type: 2}
  - {fileID: 1310169433379900, guid: 9495251fa9bdd8e41ac3dd03c3e950b9, type: 2}
  - {fileID: 1933663066015168, guid: bd4ba0f2ed0e49441bba3c6132ca9a32, type: 2}
  - {fileID: 1481139903360138, guid: ece04f51cdf84c845983b58166122699, type: 2}
  - {fileID: 1222079856262836, guid: 22bf164e2d5862e449c11857519b5438, type: 2}
  - {fileID: 1352176837062730, guid: 76cdbf4d6906ec0438df2de236fb6ebc, type: 2}
  - {fileID: 1279283325177238, guid: 9e49af77aedc0c84daf6b65ccfe23f13, type: 2}
  - {fileID: 1140322028659086, guid: 89ee4d61ad447a74ba02bf117d4a373f, type: 2}
  boxes:
  - {fileID: 1847406877867628, guid: 8001927164acf5e45aaeb35dcd277769, type: 2}
  radius: 12.7
  minProps: 5
  maxProps: 18
  minBoxes: 1
  maxBoxes: 2
  fieldHeight: 10
--- !u!135 &135849537490098460
SphereCollider:
  m_ObjectHideFlags: 1
  m_PrefabParentObject: {fileID: 0}
  m_PrefabInternal: {fileID: 100100000}
  m_GameObject: {fileID: 1149970152449366}
  m_Material: {fileID: 0}
  m_IsTrigger: 1
  m_Enabled: 1
  serializedVersion: 2
  m_Radius: 0.7
  m_Center: {x: 0, y: 0, z: 0}
